@article{
        ---, 
        author="",
        title="",
        journal="",
        year="",
        note="\url{}"
        }

@article{
        sx1301_doc, 
        author="Semtech",
        title="SX1301",
        journal="[Online]",
        year="2017",
        note="\url{
        http://www.semtech.com/images/datasheet/sx1301.pdf
        }"
        }
        
        
@article{
        Basic_lora, 
        author="Semtech",
        title="LoRa™ Modulation Basics",
        journal="[Online]",
        year="2015",
        note="\url{
        http://www.semtech.com/images/datasheet/an1200.22.pdf}"
        }


@article{
        PAgricolture,
        author= "Remco Schrijver ",
        title = "Precision agriculture and the future of farming in Europe",
        journal = "Scientific Foresight Study",
        publisher = "STOA",
        year = "2016",
        note =
        "\url{http://www.europarl.europa.eu/RegData/etudes/STUD/2016/581892/EPRS_STU(2016)581892_EN.pdf}"
        }

@article{
                gartner2016,
                author="Gartner",
                title=" Gartner Says 8.4 Billion Connected 'Things' Will Be in
                Use in 2017, Up 31 Percent From 2016",
                journal="[Online]",
                year="2016",
                note = "\url{http://www.gartner.com/newsroom/id/3598917}"
        }

@article{
        LoRaWAN101 , 
        author="Semtech",
        title=" LoRaWAN 101 a Technical Introduction",
        journal="[Online]",
        year="2017",
        note="\url{https://docs.wixstatic.com/ugd/eccc1a_20fe760334f84a9788c5b11820281bd0.pdf}"
        }

@article{ LoRaCss101, 
        author="Semtech",
        title=" AN1200.22 LoRa™ Modulation Basics",
        journal="[Online]",
        year="2015",
        note="\url{http://www.semtech.com/images/datasheet/an1200.22.pdf}"
        }

@article{
        NB-white_paper, 
        author="Hauwei Technologies co., LTD",
        title="NB-IoT white paper",
        journal="[Online]",
        year="2015",
        note="\url{http://www.huawei.com/minisite/iot/img/nb_iot_whitepaper_en.pdf}"
        }

@article{
        VerizionIoT, 
        author="Verizion",
        title="State of the Market: Internet of Things 2016",
        journal="[Online]",
        year="2016",
        note="\url{https://www.verizon.com/about/sites/default/files/state-of-the-internet-of-things-market-report-2016.pdf}"
        }

